% This file was created with JabRef 2.6.
% Encoding: ISO-8859-1

@ARTICLE{PradeepK.Agarwal2006,
  author = {Pradeep K. Agarwal, Parinita Agarwal, M. K. Reddy, Sudhir K. Sopory.},
  title = {Role of DREB transcription factors in abiotic and biotic stress tolerance
	in plants},
  journal = {Plant Cell},
  year = {2006},
  volume = {25},
  pages = {1263-1274},
  owner = {root},
  timestamp = {2011.01.27}
}

@comment{jabref-meta: selector_publisher:}

@comment{jabref-meta: selector_author:}

@comment{jabref-meta: selector_journal:}

@comment{jabref-meta: selector_keywords:}

